<?xml version="1.0" encoding="UTF-8"?><collection xmlns="http://www.loc.gov/MARC21/slim"><record><leader>00556nam--2200181-u-4500</leader><controlfield tag="001">000055446</controlfield><controlfield tag="002">20161230</controlfield><controlfield tag="005">20161230201052</controlfield><controlfield tag="008">130211s1000------------r-----000-0-eng-d</controlfield><datafield ind1=" " ind2=" " tag="040"><subfield code="a">IFIN-HH</subfield></datafield><datafield ind1=" " ind2=" " tag="080"><subfield code="a">413.232=3=2</subfield></datafield><datafield ind1="1" ind2=" " tag="100"><subfield code="a">De Vries, Louis</subfield></datafield><datafield ind1="1" ind2="0" tag="245"><subfield code="a">German-english science dictionary for students in chemistry, physics, biology, agriculture and related sciences</subfield><subfield code="c">Louis de vries</subfield></datafield><datafield ind1=" " ind2=" " tag="250"><subfield code="a">Third Edition</subfield></datafield><datafield ind1=" " ind2=" " tag="260"><subfield code="a">New York</subfield><subfield code="b">Mcgrraw-hill Book Company, Inc</subfield><subfield code="c">1959</subfield></datafield><datafield ind1=" " ind2=" " tag="300"><subfield code="a">592P</subfield></datafield><datafield ind1=" " ind2=" " tag="852"><subfield code="a">D.361</subfield><subfield code="c">SLG</subfield></datafield><datafield ind1=" " ind2=" " tag="CAT"><subfield code="a">Sys</subfield><subfield code="c">20130225</subfield><subfield code="h">122544</subfield></datafield></record></collection>